%% Bibliography file for 3rd Year Project.

@inproceedings{Sakaki:2010,
    author = {Sakaki, Takeshi and Okazaki, Makoto and Matsuo, Yutaka},
    title = {Earthquake shakes Twitter users: real-time event detection by social sensors},
    booktitle = {Proceedings of the 19th international conference on World wide web},
    series = {WWW '10},
    year = {2010},
    isbn = {978-1-60558-799-8},
    location = {Raleigh, North Carolina, USA},
    pages = {851--860},
    numpages = {10},
    url = {http://doi.acm.org/10.1145/1772690.1772777},
    doi = {10.1145/1772690.1772777},
    acmid = {1772777},
    publisher = {ACM},
    address = {New York, NY, USA},
    keywords = {Twitter, earthquake, event detection, location estimation, social sensor},
}

@inproceedings{Davidov:2010,
    author = {Davidov, Dmitry and Tsur, Oren and Rappoport, Ari},
    title = {Enhanced sentiment learning using Twitter hashtags and smileys},
    booktitle = {Proceedings of the 23rd International Conference on Computational Linguistics: Posters},
    series = {COLING '10},
    year = {2010},
    location = {Beijing, China},
    pages = {241--249},
    numpages = {9},
    url = {http://dl.acm.org/citation.cfm?id=1944566.1944594},
    acmid = {1944594},
    publisher = {Association for Computational Linguistics},
    address = {Stroudsburg, PA, USA},
}
